% ....nÃ¡zov sÃºboru je: literatura.bib

% ÄlÃ¡nok v zbornÃ­ku
@inproceedings{2018,
  doi = {10.1109/ccdc.2018.8408153},
  url = {https://doi.org/10.1109/ccdc.2018.8408153},
  year = {2018},
  month = jun,
  publisher = {{IEEE}},
  author = {Zhang Mingshi and Sha Hengyu and Ren Zebin and Tan Wenjun},
  title = {Assisted system for precise surgery based on medical image computing and {VR}}
}

@inproceedings{2016,
  doi = {10.1109/confluence.2016.7508148},
  url = {https://doi.org/10.1109/confluence.2016.7508148},
  year = {2016},
  month = jan,
  publisher = {{IEEE}},
  author = {Alexandr Kolsanov and Aikush Nazaryan and Anton Ivaschenko and Andrey Kuzmin},
  title = {Intelligent {SDK} for 3D surgery simulation}
}

@inproceedings{2020,
  doi = {10.1109/ismar-adjunct51615.2020.00064},
  url = {https://doi.org/10.1109/ismar-adjunct51615.2020.00064},
  year = {2020},
  month = nov,
  publisher = {{IEEE}},
  author = {Shuwei Chen and Ben Hu and Yang Gao and Zhiping Liao and Jianhua Li and Aimin Hao},
  title = {Lower Limb Balance Rehabilitation of Post-stroke Patients Using an Evaluating and Training Combined Augmented Reality System}
}